@inproceedings{Conte2012dmpc,
author = {Conte, C. and Voellmy, N. R. and Zeilinger, M. N. and Morari, M. and Jones, C. N.},
booktitle = {Proc. American Control Conference },
title = {{Distributed synthesis and control of constrained linear systems}},
year = {2012}
}

@inproceedings{Zeilinger2014pnp,
author = {Zeilinger, M. N. and Pu, Y. and Riverso, S. and Ferrari-Trecate, G. and Jones, C. N.},
booktitle = {Proc. IEEE Conf. Decision and Control},
title = {{Plug and play distributed model predictive control based on distributed invariance and optimization}},
year = {2013}
}

@article{Kianfar2015ssmpc,
  title={A control matching model predictive control approach to string stable vehicle platooning},
  author={Kianfar, R and Falcone,P and Fredriksson, J},
  journal={Control Engineering Practice},
  volume={45},
  number={3},
  pages={163-173},
  year={2015},
}

@article{Riverso2013Plug,
  title={Plug-and-Play Decentralized Model Predictive Control for Linear Systems},
  author={Riverso, Stefano and Farina,Marcello and Ferrari-Trecate,Giancarlo},
  journal={IEEE Transactions on Automatic Control},
  volume={58},
  number={10},
  pages={2608-2614},
  year={2013},
}

@article{Riverso2014Plug,
  title={Plug-and-play model predictive control based on robust control invariant sets},
  author={S. Riverso, and Farina, Marcello and Ferrari-Trecate, Giancarlo},
  journal={Automatica},
  volume={50},
  number={8},
  pages={2179-2186},
  year={2014},
}

@article{Bendtsen2012Plug,
  title={Plug-and-Play Control-Modifying Control Systems Online},
  author={Bendtsen, Jan and Trangbaek, Klaus and Stoustrup, Jakob},
  journal={IEEE Transactions on Control Systems Technology},
  volume={21},
  number={1},
  pages={79-93},
  year={2012},
}

@inproceedings{Latafat18,
author={Latafat, Puya and Bemporad, Alberto and Patrinos, Panagiotis},
booktitle = {Proc. European Control Conference},
title = {{Plug and Play Distributed Model Predictive Control with Dynamic Coupling: A Randomized Primal-dual Proximal Algorithm}},
year = {2018}
}